<?xml version="1.0" encoding="UTF-8"?>
<record xmlns="http://www.loc.gov/MARC21/slim">
   <leader>02299cam a2200385 a 4500</leader>
   <controlfield tag="001">2842430</controlfield>
   <controlfield tag="003">NjP</controlfield>
   <controlfield tag="005">20190705145023.0</controlfield>
   <controlfield tag="008">000306s1893    mr            000 0 ara d</controlfield>
   <datafield tag="024" ind1="7" ind2=" ">
      <subfield code="a">princeton_aco004455</subfield>
      <subfield code="2">local</subfield>
   </datafield>
   <datafield ind1=" " ind2=" " tag="035">
      <subfield code="9">CNS6165TS</subfield>
   </datafield>
   <datafield ind1=" " ind2=" " tag="035">
      <subfield code="a">(NjP)2842430</subfield>
   </datafield>
   <datafield ind1=" " ind2=" " tag="040">
      <subfield code="a">NjP</subfield>
      <subfield code="c">PUL</subfield>
      <subfield code="d">PUL</subfield>
   </datafield>
   <datafield ind1=" " ind2=" " tag="049">
      <subfield code="a">PULL</subfield>
   </datafield>
   <datafield ind1=" " ind2=" " tag="035">
      <subfield code="a">(OCoLC)ocm82031757</subfield>
   </datafield>
   <datafield ind1="1" ind2=" " tag="100">
      <subfield code="6">880-01</subfield>
      <subfield code="a">Ibn Sūdah, al-Makkī ibn al-Mahdī,</subfield>
      <subfield code="d">-1899 or 1900.</subfield>
      <subfield code="0">http://id.loc.gov/authorities/names/no00019620</subfield>
   </datafield>
   <datafield ind1="1" ind2="0" tag="240">
      <subfield code="6">880-02</subfield>
      <subfield code="a">Sharḥ ʻalá Tāʼīyat al-Ḥarrāq</subfield>
   </datafield>
   <datafield ind1="1" ind2="0" tag="245">
      <subfield code="6">880-03</subfield>
      <subfield code="a">Hādhā Sharḥ al-Shaykh al-Imām al-ʻālim al-ʻallāmah al-humām wa-khayr al-zamān wa-farīd al-ʻaṣr ... Abī Muḥammad Sayyidī al-Makkī al-Sūdī al-Qurashī al-Yamānī ... ʻalá Tāʼīyat al-Shaykh al-walī al-Ṣāliḥ Sayyidī Muḥammad al-Ḥarrāq al-Sharīf al-Ḥasanī</subfield>
   </datafield>
   <datafield ind1="3" ind2="0" tag="246">
      <subfield code="6">880-04</subfield>
      <subfield code="a">Sharḥ Abī Muḥammad al-Makkī al-Sūdī al-Qurashī al-Yamanī ʻalá Tāʼīyat Muḥammad al-Ḥarrāq</subfield>
   </datafield>
   <datafield ind1=" " ind2=" " tag="260">
      <subfield code="6">880-05</subfield>
      <subfield code="a">[Morocco :</subfield>
      <subfield code="b">s.n.],</subfield>
      <subfield code="c">1311 [1893 or 1894]</subfield>
   </datafield>
   <datafield ind1=" " ind2=" " tag="300">
      <subfield code="a">1 v. (various pagings) ;</subfield>
      <subfield code="c">22 cm.</subfield>
   </datafield>
   <datafield ind1="1" ind2="0" tag="600">
      <subfield code="6">880-06</subfield>
      <subfield code="a">Ḥarrāq, Muḥammad ibn Muḥammad,</subfield>
      <subfield code="d">1772 or 1773-1845.</subfield>
      <subfield code="t">Tāʼīyah.</subfield>
   </datafield>
   <datafield ind1=" " ind2="0" tag="650">
      <subfield code="a">Shiite poetry, Arabic</subfield>
      <subfield code="x">History and criticism.</subfield>
   </datafield>
   <datafield ind1=" " ind2="7" tag="655">
      <subfield code="a">Lithographs</subfield>
      <subfield code="z">Morocco</subfield>
      <subfield code="y">1893</subfield>
      <subfield code="2">gmgpc</subfield>
   </datafield>
   <datafield ind1="1" ind2=" " tag="880">
      <subfield code="6">100-01/r</subfield>
      <subfield code="a">ابن سودة، المكي بن المهدي،</subfield>
      <subfield code="d">-1899 or 1900.</subfield>
   </datafield>
   <datafield ind1="1" ind2="0" tag="880">
      <subfield code="6">240-02/r</subfield>
      <subfield code="a">شرح على تائية الحراق</subfield>
   </datafield>
   <datafield ind1="1" ind2="0" tag="880">
      <subfield code="6">245-03/r</subfield>
      <subfield code="a">هذا شرح الشيخ الامام العالم العلامة الهمام وخير الزمان وفريد العصر ... ابي محمد سيدي المكي السودي القرشي اليماني ... على تائية الشيخ الولي الصالح سيدي محمد الحراق الشريف الحسني</subfield>
   </datafield>
   <datafield ind1="3" ind2="0" tag="880">
      <subfield code="6">246-04/r</subfield>
      <subfield code="a">شرح ابي محمد المكي السودي القرشي اليمني على تائية محمد الحراق</subfield>
   </datafield>
   <datafield ind1=" " ind2=" " tag="880">
      <subfield code="6">260-05/r</subfield>
      <subfield code="a">[مغرب :</subfield>
      <subfield code="b">s.n.]،</subfield>
      <subfield code="c">1311 [1893 or 1894]</subfield>
   </datafield>
   <datafield ind1="1" ind2="4" tag="880">
      <subfield code="6">600-06/r</subfield>
      <subfield code="a">حراق، محمد بن محمد،</subfield>
      <subfield code="d">1772 or 1773-1845.</subfield>
      <subfield code="t">تائية.</subfield>
   </datafield>
   <datafield ind1="4" ind2=" " tag="856">
      <subfield code="u">http://hdl.handle.net/2027/njp.32101077780979</subfield>
   </datafield>
   <datafield ind1=" " ind2=" " tag="948">
      <subfield code="a">jeb</subfield>
   </datafield>
   <datafield ind1=" " ind2=" " tag="911">
      <subfield code="a">20000306</subfield>
   </datafield>
   <datafield ind1=" " ind2=" " tag="912">
      <subfield code="a">20000306042653.0</subfield>
   </datafield>
   <datafield ind1=" " ind2=" " tag="994">
      <subfield code="a">C0</subfield>
      <subfield code="b">PUL</subfield>
   </datafield>
   <datafield ind1=" " ind2=" " tag="999">
      <subfield code="a">2842430</subfield>
   </datafield>
   <datafield ind1=" " ind2=" " tag="979">
      <subfield code="a">(OCoLC)ocn178201070</subfield>
   </datafield>
   <datafield ind1="8" ind2="0" tag="852">
      <subfield code="0">3155145</subfield>
      <subfield code="b">rcppa</subfield>
      <subfield code="t">1</subfield>
      <subfield code="h">2271.321234.741 1893</subfield>
      <subfield code="x">tr fr f</subfield>
   </datafield>
   <datafield ind1="8" ind2=" " tag="852">
      <subfield code="0">8753350</subfield>
      <subfield code="b">elf1</subfield>
      <subfield code="h">Electronic Resource</subfield>
   </datafield>
   <datafield ind1=" " ind2=" " tag="959">
      <subfield code="a">2000-06-08 00:00:00 -0500</subfield>
   </datafield>
</record>
